<record><leader>00000cas a22000007a 4500</leader><controlfield tag="001">15373269</controlfield><controlfield tag="008">870326d1882188uinuwr ne      0    0eng d</controlfield><datafield ind1=" " ind2=" " tag="010"><subfield code="a">sn 87055681 </subfield></datafield><datafield ind1=" " ind2=" " tag="040"><subfield code="a">NPI</subfield><subfield code="b">eng</subfield><subfield code="c">NPI</subfield><subfield code="d">OCLCQ</subfield></datafield><datafield ind1=" " ind2=" " tag="042"><subfield code="a">msc</subfield></datafield><datafield ind1="0" ind2="0" tag="245"><subfield code="a">Terre Haute Democrat.</subfield></datafield><datafield ind1=" " ind2=" " tag="260"><subfield code="a">Terre Haute, Ind. :</subfield><subfield code="b">Edwin Seldomridge</subfield></datafield><datafield ind1=" " ind2=" " tag="310"><subfield code="a">Weekly</subfield></datafield><datafield ind1="1" ind2=" " tag="362"><subfield code="a">Began in 1882.</subfield></datafield><datafield ind1=" " ind2=" " tag="588"><subfield code="a">Description based on: Vol. 1, no. 43 (Sept. 15, 1883).</subfield></datafield><datafield ind1=" " ind2=" " tag="752"><subfield code="a">United States</subfield><subfield code="b">Indiana</subfield><subfield code="c">Vigo</subfield><subfield code="d">Terre Haute.</subfield></datafield><datafield ind1="0" ind2="0" tag="785"><subfield code="t">Saturday Democrat</subfield><subfield code="w">(DLC)sn 87055682</subfield></datafield></record>